@article{戴宾2005成渝经济区与成渝城市集群,
  title={成渝经济区与成渝城市集群, 成内渝经济带},
  author={戴宾},
  journal={重庆工商大学学报 (西部论坛)},
  volume={15},
  number={6},
  pages={23--26},
  year={2005}
}

@article{何雄浪2010成渝经济区产业结构调整与经济发展研究,
  title={成渝经济区产业结构调整与经济发展研究},
  author={何雄浪 and 朱旭光},
  journal={软科学},
  volume={24},
  number={6},
  pages={74--79},
  year={2010}
}

@phdthesis{许旭2010成渝经济区县域经济实力的时空差异分析,
  title={成渝经济区县域经济实力的时空差异分析},
  author={许旭 and 金凤君 and 刘鹤},
  year={2010}
}

@article{吴江2007成渝经济区产业结构与就业结构的实证分析,
  title={成渝经济区产业结构与就业结构的实证分析},
  author={吴江 and 毕正操 and 祝云},
  journal={社会科学研究},
  number={4},
  pages={36--40},
  year={2007}
}

@article{姚作林2017成渝经济区城市群空间结构要素特征分析,
  title={成渝经济区城市群空间结构要素特征分析},
  author={姚作林 and 涂建军 and 牛慧敏 and 哈琳 and 李剑波},
  journal={经济地理},
  volume={37},
  number={1},
  pages={82--89},
  year={2017}
}

@article{杨亮洁2021成渝城市群城镇化与生态环境耦合协调及交互影响,
  title={成渝城市群城镇化与生态环境耦合协调及交互影响.},
  author={杨亮洁 and 张小鸿 and 潘竟虎 and 杨永春},
  journal={Yingyong Shengtai Xuebao},
  volume={32},
  number={3},
  year={2021}
}

@article{赵伟2021成渝地区双城经济圈生态安全格局构建,
  title={成渝地区双城经济圈生态安全格局构建},
  author={赵伟 and 邹欣怡 and 蒲海霞},
  journal={中国环境科学},
  volume={41},
  number={5},
  pages={2423--2433},
  year={2021}
}

@article{秦鹏2021成渝地区双城经济圈协同发展的理论逻辑与路径探索,
  title={成渝地区双城经济圈协同发展的理论逻辑与路径探索——基于功能主义理论的视角},
  author={秦鹏 and 刘焕},
  journal={重庆大学学报 (社会科学版)},
  volume={27},
  number={2},
  pages={44--54},
  year={2021}
}

@article{冯静颖2006西部科技人才开发的问题与对策,
  title={西部科技人才开发的问题与对策},
  author={冯静颖},
  journal={中国人才},
  number={5},
  pages={33--35},
  year={2006}
}

@article{游光荣2001我国地区科技竞争力研究,
  title={我国地区科技竞争力研究},
  author={游光荣 and 狄承锋},
  journal={中国软科学},
  number={1},
  pages={66--70},
  year={2001}
}

@article{郭新艳2004基于,
  title={基于 TOPSIS 法的地区科技竞争力的综合评价},
  author={郭新艳 and 郭耀煌},
  journal={软科学},
  volume={18},
  number={4},
  pages={30--32},
  year={2004}
}

@article{邓祥征2013中国西部城镇化可持续发展路径的探讨,
  title={中国西部城镇化可持续发展路径的探讨},
  author={邓祥征 and 钟海玥 and 白雪梅 and 赵涛 and 李勇 and 王苗},
  journal={中国人口{\textperiodcentered} 资源与环境},
  volume={23},
  number={10},
  pages={24--30},
  year={2013}
}

@article{熊杨2009西部地区经济社会发展水平分析,
  title={西部地区经济社会发展水平分析},
  author={熊杨},
  journal={经济纵横},
  number={8},
  pages={60--62},
  year={2009}
}

@article{徐瑾2010地区信息化对经济增长的影响分析,
  title={地区信息化对经济增长的影响分析},
  author={徐瑾},
  journal={统计研究},
  volume={27},
  number={5},
  pages={74--80},
  year={2010}
}

@article{黄承锋2016一带一路,
  title={“一带一路” 视域下重庆市对外通道发展现状, 瓶颈及对策},
  author={黄承锋},
  journal={企业经济},
  number={8},
  pages={5--9},
  year={2016}
}

@article{陈文玲2016一带一路与长江经济带战略构想内涵与战略意义,
  title={一带一路与长江经济带战略构想内涵与战略意义——兼论重庆在两大战略中的定位},
  author={陈文玲},
  journal={中国流通经济},
  volume={30},
  number={7},
  pages={5--16},
  year={2016}
}

@article{孙见荆2012科技,
  title={科技, 经济和社会协调发展模型研究},
  author={孙见荆},
  journal={中国管理科学},
  number={2},
  pages={13--18},
  year={2012}
}

@article{葛金田2008论基于科技创新的经济,
  title={论基于科技创新的经济, 社会协调发展},
  author={葛金田},
  journal={济南大学学报: 社会科学版},
  volume={18},
  number={2},
  pages={80--83},
  year={2008}
}

@article{邓小平1992科学技术是第一生产力,
  title={科学技术是第一生产力},
  author={邓小平},
  journal={陕西气象},
  number={3},
  pages={2--2},
  year={1992}
}

@article{惠永正1998知识经济与科教兴国,
  title={知识经济与科教兴国},
  author={惠永正},
  journal={中国信息导报},
  number={4},
  pages={6--8},
  year={1998}
}

@article{秋石2004科教兴国论,
  title={科教兴国论},
  author={秋石},
  journal={求是},
  number={7},
  pages={19--22},
  year={2004}
}

@article{吴吉义2015移动互联网研究综述,
  title={移动互联网研究综述},
  author={吴吉义 and 李文娟 and 黄剑平 and 章剑林 and 陈德人},
  journal={中国科学: 信息科学},
  number={1},
  pages={45--69},
  year={2015}
}

@article{崔雍浩2019人工智能综述,
  title={人工智能综述: AI 的发展},
  author={崔雍浩 and 商聪 and 陈锶奇 and 郝建业},
  journal={无线电通信技术},
  volume={45},
  number={3},
  pages={225--231},
  year={2019}
}

@article{曾诗钦2020区块链技术研究综述,
  title={区块链技术研究综述: 原理, 进展与应用},
  author={曾诗钦 and 霍如 and 黄韬 and 刘江 and 汪硕 and 冯伟},
  journal={Journal on Communications},
  year={2020}
}

@article{floridi2020gpt,
  title={GPT-3: Its nature, scope, limits, and consequences},
  author={Floridi, Luciano and Chiriatti, Massimo},
  journal={Minds and Machines},
  volume={30},
  pages={681--694},
  year={2020},
  publisher={Springer}
}

@article{team2023gemini,
  title={Gemini: a family of highly capable multimodal models},
  author={Team, Gemini and Anil, Rohan and Borgeaud, Sebastian and Wu, Yonghui and Alayrac, Jean-Baptiste and Yu, Jiahui and Soricut, Radu and Schalkwyk, Johan and Dai, Andrew M and Hauth, Anja and others},
  journal={arXiv preprint arXiv:2312.11805},
  year={2023}
}

@article{zhang2019ernie,
  title={ERNIE: Enhanced language representation with informative entities},
  author={Zhang, Zhengyan and Han, Xu and Liu, Zhiyuan and Jiang, Xin and Sun, Maosong and Liu, Qun},
  journal={arXiv preprint arXiv:1905.07129},
  year={2019}
}

@inproceedings{latif2019medical,
  title={Medical imaging using machine learning and deep learning algorithms: a review},
  author={Latif, Jahanzaib and Xiao, Chuangbai and Imran, Azhar and Tu, Shanshan},
  booktitle={2019 2nd International conference on computing, mathematics and engineering technologies (iCoMET)},
  pages={1--5},
  year={2019},
  organization={IEEE}
}

@article{zheng2023deep,
  title={Deep learning in economics: a systematic and critical review},
  author={Zheng, Yuanhang and Xu, Zeshui and Xiao, Anran},
  journal={Artificial Intelligence Review},
  volume={56},
  number={9},
  pages={9497--9539},
  year={2023},
  publisher={Springer}
}

@article{kamilaris2018deep,
  title={Deep learning in agriculture: A survey},
  author={Kamilaris, Andreas and Prenafeta-Bold{\'u}, Francesc X},
  journal={Computers and electronics in agriculture},
  volume={147},
  pages={70--90},
  year={2018},
  publisher={Elsevier}
}

@article{wu2017visual,
  title={Visual question answering: A survey of methods and datasets},
  author={Wu, Qi and Teney, Damien and Wang, Peng and Shen, Chunhua and Dick, Anthony and Van Den Hengel, Anton},
  journal={Computer Vision and Image Understanding},
  volume={163},
  pages={21--40},
  year={2017},
  publisher={Elsevier}
}

@article{elasri2022image,
  title={Image generation: A review},
  author={Elasri, Mohamed and Elharrouss, Omar and Al-Maadeed, Somaya and Tairi, Hamid},
  journal={Neural Processing Letters},
  volume={54},
  number={5},
  pages={4609--4646},
  year={2022},
  publisher={Springer}
}

@inproceedings{wu2022promptchainer,
  title={Promptchainer: Chaining large language model prompts through visual programming},
  author={Wu, Tongshuang and Jiang, Ellen and Donsbach, Aaron and Gray, Jeff and Molina, Alejandra and Terry, Michael and Cai, Carrie J},
  booktitle={CHI Conference on Human Factors in Computing Systems Extended Abstracts},
  pages={1--10},
  year={2022}
}

@article{薛澜2018中国科技创新政策,
  title={中国科技创新政策 40 年的回顾与反思},
  author={薛澜},
  journal={科学学研究},
  volume={36},
  number={12},
  pages={2113--2115},
  year={2018}
}

@article{赵立新2002科技创新法律保障问题论略,
  title={科技创新法律保障问题论略},
  author={赵立新},
  journal={江汉大学学报: 人文科学版},
  volume={21},
  number={4},
  pages={42--46},
  year={2002}
}

@article{王卓君2011以创新文化建设引领高校科技创新,
  title={以创新文化建设引领高校科技创新},
  author={王卓君},
  journal={中国高校科技},
  number={10},
  pages={8--10},
  year={2011}
}

@article{薛奕曦2013面向新能源汽车的社会,
  title={面向新能源汽车的社会—技术域分析及其转型推动研究},
  author={薛奕曦 and 邵鲁宁 and 尤建新 and 毕晓航},
  journal={中国软科学},
  number={3},
  pages={78--88},
  year={2013}
}

@article{陈柳钦2010新能源汽车产业发展的政策支持,
  title={新能源汽车产业发展的政策支持},
  author={陈柳钦},
  journal={环境经济},
  number={11},
  pages={34--41},
  year={2010}
}

@article{张海斌2015新能源汽车市场开拓的政府补贴机制研究,
  title={新能源汽车市场开拓的政府补贴机制研究},
  author={张海斌 and 盛昭瀚 and 孟庆峰},
  journal={管理科学},
  volume={28},
  number={6},
  pages={122--132},
  year={2015}
}

@article{李兰兰2011中国各省市科技进步贡献率测算的实证研究,
  title={中国各省市科技进步贡献率测算的实证研究},
  author={李兰兰 and 诸克军 and 郭海湘},
  journal={中国人口{\textperiodcentered} 资源与环境},
  volume={21},
  number={4},
  pages={55--61},
  year={2011}
}

@article{董晓峰2005都市圈理论发展研究,
  title={都市圈理论发展研究},
  author={董晓峰 and 史育龙 and 张志强 and 李小英},
  journal={地球科学进展},
  volume={20},
  number={10},
  pages={1067},
  year={2005}
}

@article{周睿2016中国国家公园体系构建方法研究,
  title={中国国家公园体系构建方法研究——以自然保护区为例},
  author={周睿 and 钟林生 and 刘家明 and 唐承财 and 孙雷刚},
  journal={资源科学},
  volume={38},
  number={4},
  pages={577--587},
  year={2016}
}