% ResNet
@article{he2016deep,
  title={Deep residual learning for image recognition},
  author={He, Kaiming and Zhang, Xiangyu and Ren, Shaoqing and Sun, Jian},
  journal={Proceedings of the IEEE conference on computer vision and pattern recognition},
  pages={770--778},
  year={2016}
}

% BERT
@article{devlin2018bert,
  title={BERT: Pre-training of Deep Bidirectional Transformers for Language Understanding},
  author={Devlin, Jacob and Chang, Ming-Wei and Lee, Kenton and Toutanova, Kristina},
  journal={arXiv preprint arXiv:1810.04805},
  year={2018}
}

@inproceedings{fu2024drive,
  title={Drive like a human: Rethinking autonomous driving with large language models},
  author={Fu, Daocheng and Li, Xin and Wen, Licheng and Dou, Min and Cai, Pinlong and Shi, Botian and Qiao, Yu},
  booktitle={Proceedings of the IEEE/CVF Winter Conference on Applications of Computer Vision},
  pages={910--919},
  year={2024}
}

@article{lievin2023can,
  title={Can large language models reason about medical questions?},
  author={Li{\'e}vin, Valentin and Hother, Christoffer Egeberg and Motzfeldt, Andreas Geert and Winther, Ole},
  journal={Patterns},
  year={2023},
  publisher={Elsevier}
}

@article{mao2017survey,
  title={A survey on mobile edge computing: The communication perspective},
  author={Mao, Yuyi and You, Changsheng and Zhang, Jun and Huang, Kaibin and Letaief, Khaled B},
  journal={IEEE communications surveys \& tutorials},
  volume={19},
  number={4},
  pages={2322--2358},
  year={2017},
  publisher={IEEE}
}

@article{abbas2017mobile,
  title={Mobile edge computing: A survey},
  author={Abbas, Nasir and Zhang, Yan and Taherkordi, Amir and Skeie, Tor},
  journal={IEEE Internet of Things Journal},
  volume={5},
  number={1},
  pages={450--465},
  year={2017},
  publisher={IEEE}
}

@article{zhang2021survey,
  title={A survey on federated learning},
  author={Zhang, Chen and Xie, Yu and Bai, Hang and Yu, Bin and Li, Weihong and Gao, Yuan},
  journal={Knowledge-Based Systems},
  volume={216},
  pages={106775},
  year={2021},
  publisher={Elsevier}
}

@article{mammen2021federated,
  title={Federated learning: Opportunities and challenges},
  author={Mammen, Priyanka Mary},
  journal={arXiv preprint arXiv:2101.05428},
  year={2021}
}

@article{ziller2021pysyft,
  title={Pysyft: A library for easy federated learning},
  author={Ziller, Alexander and Trask, Andrew and Lopardo, Antonio and Szymkow, Benjamin and Wagner, Bobby and Bluemke, Emma and Nounahon, Jean-Mickael and Passerat-Palmbach, Jonathan and Prakash, Kritika and Rose, Nick and others},
  journal={Federated learning systems: Towards next-generation AI},
  pages={111--139},
  year={2021},
  publisher={Springer}
}

@article{kholod2020open,
  title={Open-source federated learning frameworks for IoT: A comparative review and analysis},
  author={Kholod, Ivan and Yanaki, Evgeny and Fomichev, Dmitry and Shalugin, Evgeniy and Novikova, Evgenia and Filippov, Evgeny and Nordlund, Mats},
  journal={Sensors},
  volume={21},
  number={1},
  pages={167},
  year={2020},
  publisher={MDPI}
}

% AlexNet
@article{krizhevsky2012imagenet,
  title={Imagenet classification with deep convolutional neural networks},
  author={Krizhevsky, Alex and Sutskever, Ilya and Hinton, Geoffrey E},
  journal={Advances in neural information processing systems},
  volume={25},
  pages={1097--1105},
  year={2012}
}

% Imagenet
@article{deng2009imagenet,
  title={Imagenet: A large-scale hierarchical image database},
  author={Deng, Jia and Dong, Wei and Socher, Richard and Li, Li-Jia and Li, Kai and Fei-Fei, Li},
  journal={2009 IEEE conference on computer vision and pattern recognition},
  pages={248--255},
  year={2009},
  organization={Ieee}
}

% GPT-2
@article{radford2019language,
  title={Language models are unsupervised multitask learners},
  author={Radford, Alec and Wu, Jeff and Child, Rewon and Luan, David and Amodei, Dario and Sutskever, Ilya},
  journal={OpenAI blog},
  volume={1},
  number={8},
  pages={9},
  year={2019}
}

% MEC
@article{shi2016edge,
  title={Edge computing: Vision and challenges},
  author={Shi, Wenjia and Cao, Jian and Zhang, Quan and Li, You},
  journal={IEEE Internet of Things Journal},
  volume={3},
  number={5},
  pages={637--646},
  year={2016},
  publisher={IEEE}
}

% Fog Computing
@article{bonomi2012fog,
  title={Fog computing and its role in the internet of things},
  author={Bonomi, Flavio and Milito, Rodolfo and Zhu, Jiang and Addepalli, Sateesh},
  journal={Proceedings of the first edition of the MCC workshop on Mobile cloud computing},
  pages={13--16},
  year={2012}
}

% FedAvg
@article{mcmahan2017communication,
  title={Communication-efficient learning of deep networks from decentralized data},
  author={McMahan, H Brendan and Moore, Eider and Ramage, Daniel and Hampson, Seth and others},
  journal={arXiv preprint arXiv:1602.05629},
  year={2017}
}

% FedProx
@article{li2020federated,
  title={Federated optimization in heterogeneous networks: A proximal federated averaging approach},
  author={Li, Tianyi and Sahu, Anit Kumar and Zaheer, Manzil and Sanjabi, Maziar and Talwalkar, Ameet and Smith, Virginia},
  journal={arXiv preprint arXiv:1812.06127},
  year={2020}
}

% Fed matched averaging
@article{wang2020federated,
  title={Federated learning with matched averaging},
  author={Wang, Hongyi and Yurochkin, Mikhail and Sun, Yuekai and Papailiopoulos, Dimitris and Khazaeni, Yasaman},
  journal={arXiv preprint arXiv:2002.06440},
  year={2020}
}

% FedPer
@article{arivazhagan2019federated,
  title={Federated learning with personalization layers},
  author={Arivazhagan, Manoj Ghuhan and Aggarwal, Vinay and Singh, Aaditya Kumar and Choudhary, Sunav},
  journal={arXiv preprint arXiv:1912.00818},
  year={2019}
}

% MOCHA
@article{smith2017federated,
  title={Federated multi-task learning},
  author={Smith, Virginia and Chiang, Chao-Kai and Sanjabi, Maziar and Talwalkar, Ameet S},
  journal={Advances in neural information processing systems},
  volume={30},
  year={2017}
}

% pFedHN
@inproceedings{shamsian2021personalized,
  title={Personalized federated learning using hypernetworks},
  author={Shamsian, Aviv and Navon, Aviv and Fetaya, Ethan and Chechik, Gal},
  booktitle={International Conference on Machine Learning},
  pages={9489--9502},
  year={2021},
  organization={PMLR}
}

@article{fallah2020personalized,
  title={Personalized federated learning: A meta-learning approach},
  author={Fallah, Alireza and Mokhtari, Aryan and Ozdaglar, Asuman},
  journal={arXiv preprint arXiv:2002.07948},
  year={2020}
}

@article{liu2020secure,
  title={A secure federated transfer learning framework},
  author={Liu, Yang and Kang, Yan and Xing, Chaoping and Chen, Tianjian and Yang, Qiang},
  journal={IEEE Intelligent Systems},
  volume={35},
  number={4},
  pages={70--82},
  year={2020},
  publisher={IEEE}
}

@inproceedings{zhu2021data,
  title={Data-free knowledge distillation for heterogeneous federated learning},
  author={Zhu, Zhuangdi and Hong, Junyuan and Zhou, Jiayu},
  booktitle={International conference on machine learning},
  pages={12878--12889},
  year={2021},
  organization={PMLR}
}

@article{kang2020reliable,
  title={Reliable federated learning for mobile networks},
  author={Kang, Jiawen and Xiong, Zehui and Niyato, Dusit and Zou, Yuze and Zhang, Yang and Guizani, Mohsen},
  journal={IEEE Wireless Communications},
  volume={27},
  number={2},
  pages={72--80},
  year={2020},
  publisher={IEEE}
}

@article{lim2020federated,
  title={Federated learning in mobile edge networks: A comprehensive survey},
  author={Lim, Wei Yang Bryan and Luong, Nguyen Cong and Hoang, Dinh Thai and Jiao, Yutao and Liang, Ying-Chang and Yang, Qiang and Niyato, Dusit and Miao, Chunyan},
  journal={IEEE Communications Surveys \& Tutorials},
  volume={22},
  number={3},
  pages={2031--2063},
  year={2020},
  publisher={IEEE}
}

@article{posner2021federated,
  title={Federated learning in vehicular networks: Opportunities and solutions},
  author={Posner, Jason and Tseng, Lewis and Aloqaily, Moayad and Jararweh, Yaser},
  journal={IEEE Network},
  volume={35},
  number={2},
  pages={152--159},
  year={2021},
  publisher={IEEE}
}

@article{du2020federated,
  title={Federated learning for vehicular internet of things: Recent advances and open issues},
  author={Du, Zhaoyang and Wu, Celimuge and Yoshinaga, Tsutomu and Yau, Kok-Lim Alvin and Ji, Yusheng and Li, Jie},
  journal={IEEE Open Journal of the Computer Society},
  volume={1},
  pages={45--61},
  year={2020},
  publisher={IEEE}
}

@article{sheller2020federated,
  title={Federated learning in medicine: facilitating multi-institutional collaborations without sharing patient data},
  author={Sheller, Micah J and Edwards, Brandon and Reina, G Anthony and Martin, Jason and Pati, Sarthak and Kotrotsou, Aikaterini and Milchenko, Mikhail and Xu, Weilin and Marcus, Daniel and Colen, Rivka R and others},
  journal={Scientific reports},
  volume={10},
  number={1},
  pages={12598},
  year={2020},
  publisher={Nature Publishing Group UK London}
}

@article{saputra2020federated,
  title={Federated learning meets contract theory: Economic-efficiency framework for electric vehicle networks},
  author={Saputra, Yuris Mulya and Nguyen, Diep N and Hoang, Dinh Thai and Vu, Thang X and Dutkiewicz, Eryk and Chatzinotas, Symeon},
  journal={IEEE Transactions on Mobile Computing},
  volume={21},
  number={8},
  pages={2803--2817},
  year={2020},
  publisher={IEEE}
}