@article{jiang2021road,
  title={The road towards 6G: A comprehensive survey},
  author={Jiang, Wei and Han, Bin and Habibi, Mohammad Asif and Schotten, Hans Dieter},
  journal={IEEE Open Journal of the Communications Society},
  volume={2},
  pages={334--366},
  year={2021},
  publisher={IEEE}
}

@article{siegel2003thz,
  title={THz technology: An overview},
  author={Siegel, Peter H},
  journal={International Journal of High Speed Electronics and Systems},
  volume={13},
  number={02},
  pages={351--394},
  year={2003},
  publisher={World Scientific}
}

@article{dilling2014isac,
  title={ISAC overview},
  author={Dilling, J and Kr{\"u}cken, R and Ball, G},
  journal={Hyperfine Interactions},
  volume={225},
  pages={1--8},
  year={2014},
  publisher={Springer}
}

@article{liu2021reconfigurable,
  title={Reconfigurable intelligent surfaces: Principles and opportunities},
  author={Liu, Yuanwei and Liu, Xiao and Mu, Xidong and Hou, Tianwei and Xu, Jiaqi and Di Renzo, Marco and Al-Dhahir, Naofal},
  journal={IEEE communications surveys \& tutorials},
  volume={23},
  number={3},
  pages={1546--1577},
  year={2021},
  publisher={IEEE}
}

@article{cao2020delay,
  title={Delay characterization of mobile-edge computing for 6G time-sensitive services},
  author={Cao, Jianyu and Feng, Wei and Ge, Ning and Lu, Jianhua},
  journal={IEEE Internet of Things Journal},
  volume={8},
  number={5},
  pages={3758--3773},
  year={2020},
  publisher={IEEE}
}

@article{mao2021ai,
  title={AI models for green communications towards 6G},
  author={Mao, Bomin and Tang, Fengxiao and Kawamoto, Yuichi and Kato, Nei},
  journal={IEEE Communications Surveys \& Tutorials},
  volume={24},
  number={1},
  pages={210--247},
  year={2021},
  publisher={IEEE}
}

@article{nguyen2021security,
  title={Security and privacy for 6G: A survey on prospective technologies and challenges},
  author={Nguyen, Van-Linh and Lin, Po-Ching and Cheng, Bo-Chao and Hwang, Ren-Hung and Lin, Ying-Dar},
  journal={IEEE Communications Surveys \& Tutorials},
  volume={23},
  number={4},
  pages={2384--2428},
  year={2021},
  publisher={IEEE}
}

@article{yang2021edge,
  title={Edge intelligence for autonomous driving in 6G wireless system: Design challenges and solutions},
  author={Yang, Bo and Cao, Xuelin and Xiong, Kai and Yuen, Chau and Guan, Yong Liang and Leng, Supeng and Qian, Lijun and Han, Zhu},
  journal={IEEE Wireless Communications},
  volume={28},
  number={2},
  pages={40--47},
  year={2021},
  publisher={IEEE}
}

@article{chen2020deep,
  title={Deep-learning-based intelligent intervehicle distance control for 6G-enabled cooperative autonomous driving},
  author={Chen, Xiaosha and Leng, Supeng and He, Jianhua and Zhou, Longyu},
  journal={IEEE Internet of Things Journal},
  volume={8},
  number={20},
  pages={15180--15190},
  year={2020},
  publisher={IEEE}
}