@inproceedings{2021milvus,
  title={Milvus: A Purpose-Built Vector Data Management System},
  author={Wang, Jianguo and Yi, Xiaomeng and Guo, Rentong and Jin, Hai and Xu, Peng and Li, Shengjun and Wang, Xiangyu and Guo, Xiangzhou and Li, Chengming and Xu, Xiaohai and others},
  booktitle={Proceedings of the 2021 International Conference on Management of Data},
  pages={2614--2627},
  year={2021}
}
@article{simonyan2014very,
  title={Very deep convolutional networks for large-scale image recognition},
  author={Simonyan, Karen and Zisserman, Andrew},
  journal={arXiv preprint arXiv:1409.1556},
  year={2014}
}
@article{devlin2018bert,
  title={Bert: Pre-training of deep bidirectional transformers for language understanding},
  author={Devlin, Jacob and Chang, Ming-Wei and Lee, Kenton and Toutanova, Kristina},
  journal={arXiv preprint arXiv:1810.04805},
  year={2018}
}
@article{keller1985fuzzy,
  title={A fuzzy k-nearest neighbor algorithm},
  author={Keller, James M and Gray, Michael R and Givens, James A},
  journal={IEEE transactions on systems, man, and cybernetics},
  number={4},
  pages={580--585},
  year={1985},
  publisher={Ieee}
}
@inproceedings{bingham2001random,
  title={Random projection in dimensionality reduction: applications to image and text data},
  author={Bingham, Ella and Mannila, Heikki},
  booktitle={Proceedings of the seventh ACM SIGKDD international conference on Knowledge discovery and data mining},
  pages={245--250},
  year={2001}
}
@article{jegou2010product,
  title={Product quantization for nearest neighbor search},
  author={Jegou, Herve and Douze, Matthijs and Schmid, Cordelia},
  journal={IEEE transactions on pattern analysis and machine intelligence},
  volume={33},
  number={1},
  pages={117--128},
  year={2010},
  publisher={IEEE}
}
@inproceedings{datar2004locality,
  title={Locality-sensitive hashing scheme based on p-stable distributions},
  author={Datar, Mayur and Immorlica, Nicole and Indyk, Piotr and Mirrokni, Vahab S},
  booktitle={Proceedings of the twentieth annual symposium on Computational geometry},
  pages={253--262},
  year={2004}
}
@article{chen1994raid,
  title={RAID: High-performance, reliable secondary storage},
  author={Chen, Peter M and Lee, Edward K and Gibson, Garth A and Katz, Randy H and Patterson, David A},
  journal={ACM Computing Surveys (CSUR)},
  volume={26},
  number={2},
  pages={145--185},
  year={1994},
  publisher={ACM New York, NY, USA}
}
@article{gallager1962low,
  title={Low-density parity-check codes},
  author={Gallager, Robert},
  journal={IRE Transactions on information theory},
  volume={8},
  number={1},
  pages={21--28},
  year={1962},
  publisher={IEEE}
}
@inproceedings{he2016deep,
  title={Deep residual learning for image recognition},
  author={He, Kaiming and Zhang, Xiangyu and Ren, Shaoqing and Sun, Jian},
  booktitle={Proceedings of the IEEE conference on computer vision and pattern recognition},
  pages={770--778},
  year={2016}
}
